@inproceedings{guarnieri2016strong,
	title = {Strong and Provably Secure Database Access Control},
    author = {Guarnieri, Marco and Marinovic, Srdjan and Basin, David},
 	booktitle={Proc.~2016 IEEE European Symp. Security and Privacy}
}