@inproceedings{guarnieri2016strong,
	title = {Strong and Provably Secure Database Access Control},
	year = {2016},
    author = {Guarnieri, Marco and Marinovic, Srdjan and Basin, David},
 	booktitle={Proc.~2016 IEEE European Symp. Security and Privacy}
}
@book{abiteboul1995foundations,
  title={Foundations of databases},
  author={Abiteboul, Serge and Hull, Richard and Vianu, Victor},
  volume={8},
  year={1995},
  publisher={Addison-Wesley Reading}
}